@InProceedings{sahu19a,
  title = 	 {Towards Gradient Free and Projection Free Stochastic Optimization},
  author =       {Sahu, Anit Kumar and Zaheer, Manzil and Kar, Soummya},
  booktitle = 	 {Proceedings of the Twenty-Second International Conference on Artificial Intelligence and Statistics},
  pages = 	 {3468--3477},
  year = 	 {2019},
  editor = 	 {Chaudhuri, Kamalika and Sugiyama, Masashi},
  volume = 	 {89},
  series = 	 {Proceedings of Machine Learning Research},
  month = 	 {16--18 Apr},
  publisher =    {PMLR},
  pdf = 	 {http://proceedings.mlr.press/v89/sahu19a/sahu19a.pdf},
  url = 	 {https://proceedings.mlr.press/v89/sahu19a.html}
}


@InProceedings{gao20b,
  title = 	 {Can Stochastic Zeroth-Order Frank-Wolfe Method Converge Faster for Non-Convex Problems?},
  author =       {Gao, Hongchang and Huang, Heng},
  booktitle = 	 {Proceedings of the 37th International Conference on Machine Learning},
  pages = 	 {3377--3386},
  year = 	 {2020},
  editor = 	 {III, Hal Daum√© and Singh, Aarti},
  volume = 	 {119},
  series = 	 {Proceedings of Machine Learning Research},
  month = 	 {13--18 Jul},
  publisher =    {PMLR},
  pdf = 	 {http://proceedings.mlr.press/v119/gao20b/gao20b.pdf},
  url = 	 {https://proceedings.mlr.press/v119/gao20b.html}
}

@misc{lobanov2023,
      title={Zero-Order Stochastic Conditional Gradient Sliding Method for Non-smooth Convex Optimization}, 
      author={Aleksandr Lobanov and Anton Anikin and Alexander Gasnikov and Alexander Gornov and Sergey Chukanov},
      year={2023},
      eprint={2303.02778},
      archivePrefix={arXiv},
      primaryClass={math.OC}
}






